%% This BibTeX bibliography file was created using BibDesk.
%% http://bibdesk.sourceforge.net/


%% Created for Andrew Hill at 2013-05-27 13:40:21 +1000 


%% Saved with string encoding Unicode (UTF-8) 


@comment{jabref-meta: selector_publisher:}
@comment{jabref-meta: selector_author:}
@comment{jabref-meta: selector_journal:}
@comment{jabref-meta: selector_keywords:}



@booklet{ScienceOfClimateChange2010,
	Author = {{Australian Academy of Science}},
	Date-Modified = {2013-05-27 03:40:21 +0000},
	Lastchecked = {30 June 2011},
	Month = {August},
	Title = {The Science of Climate Change: Questions and Answers.},
	Url = {http://www.science.org.au/policy/climatechange2010.html},
	Year = {2010},
	Bdsk-Url-1 = {http://www.science.org.au/policy/climatechange2010.html}}

@misc{Beebe2002,
	Author = {Beebe, Nelson H. F.},
	Howpublished = {http://www.literateprogramming.com/litprog-bib.pdf},
	Month = {March},
	Note = {Version 2.49, accessed 17 July 2001},
	Title = {A bibliography of literate programming},
	Url = {http://www.literateprogramming.com/litprog-bib.pdf},
	Year = {2002},
	Bdsk-Url-1 = {http://www.literateprogramming.com/litprog-bib.pdf}}

@inproceedings{Bennewitz2002,
	Author = {Bennewitz, M. and Burgard, W. and Thrun, S.},
	Booktitle = {Proceedings of the IEEE 2002 International Conference on Robotics and Automation},
	Date-Modified = {2013-05-27 03:39:24 +0000},
	Pages = {3601-3606},
	Title = {Learning motion patterns of persons for mobile service robots},
	Volume = {4},
	Year = {2002}}

@article{Dahiya2010,
	Author = {Dahiya, R. S. and Metta, G. and Valle, M. and Sandini, G.},
	Journal = {IEEE Transactions on Robotics},
	Number = {1},
	Pages = {1-20},
	Title = {Tactile Sensing---From Humans to Humanoids},
	Volume = {26},
	Year = {2010}}

@phdthesis{Douillard2009,
	Author = {Douillard, Bertrand},
	Month = {January},
	School = {The University of Sydney},
	Title = {Laser and vision based classification in urban environments},
	Type = {{PhD} thesis},
	Year = {2009}}

@unpublished{Hill2011,
	Author = {Hill, Andrew},
	Month = {June},
	Note = {Personal communication},
	Year = {2011}}

@incollection{Incollection,
	Author = {Incollection},
	Owner = {rye},
	Timestamp = {2011.06.26}}

@techreport{Likhachev2005,
	Author = {Likhachev, Maxim and Ferguson, David and Gordon, Geoffrey and Stentz, Anthony (Tony) and Thrun, Sebastian},
	Institution = {Robotics Institute, Carnegie Mellon University},
	Month = {May},
	Note = {Accessed 17 July 2011},
	Number = {CMU-RI-TR-05-12},
	Title = {Anytime dynamic {A*}: the proofs},
	Type = {Technical Report},
	Url = {http://www.ri.cmu.edu/pub_files/pub4/likhachev_maxim_2005_2/likhachev_maxim_2005_2.pdf},
	Year = {2005},
	Bdsk-Url-1 = {http://www.ri.cmu.edu/pub_files/pub4/likhachev_maxim_2005_2/likhachev_maxim_2005_2.pdf}}

@inbook{Lynch1996,
	Author = {Lynch, Nancy A.},
	Chapter = {13: Atomic objects},
	Editor = {Spatz, Bruce M. and Cerra, Diane D.},
	Pages = {397-454},
	Publisher = {Morgan Kaufmann Publishers},
	Title = {Distributed Algorithms},
	Year = {1996}}

@mastersthesis{Merry2009,
	Author = {Merry, Laura},
	Month = {August},
	School = {The University of Sydney},
	Title = {Generic architecture design for navigation filtering},
	Type = {{MPhil} thesis},
	Year = {2009}}

@book{Stroustrup2000,
	Address = {The addtess.},
	Author = {Stroustrup, Bjarne},
	Edition = {2nd},
	Editor = {Editor},
	Month = {Jan.},
	Note = {This is a note.},
	Number = {2},
	Pages = {3-4},
	Publisher = {Addison Wesley},
	Series = {The Series},
	Title = {The C++ Programming Language},
	Volume = {1},
	Year = {2000}}

@conference{Conference,
	Editor = {Rye, D.C and Furukawa, T.},
	Owner = {rye},
	Timestamp = {2011.06.26}}

@proceedings{Rye2001,
	Editor = {Rye, D.C and Furukawa, T.},
	Publisher = {Australian Robotics and Automation Association, Sydney, Australia},
	Title = {Proceedings of the 2001 Australian Conference on Robotics and Automation},
	Year = {2001}}

@electronic{Electronic,
	Owner = {rye},
	Timestamp = {2011.06.26}}

@manual{Manual,
	Owner = {rye},
	Timestamp = {2011.06.26},
	Title = {Manual}}

@other{Other,
	Owner = {rye},
	Timestamp = {2011.06.26}}

@patent{Patent,
	Nationality = {Patent},
	Owner = {rye},
	Timestamp = {2011.06.26}}

@periodical{Periodical,
	Owner = {rye},
	Timestamp = {2011.06.26},
	Title = {Periodical}}

@standard{AS4024.3301,
	Language = {English},
	Month = {May},
	Note = {ISBN 0-7337-9152-2},
	Organization = {Standards Australia},
	Title = {{AS 4024.3301-2009}: Safety of machinery - Robots for industrial environments - Safety requirements},
	Year = {2009}}
