% This file was created with JabRef 2.6.
% Encoding: Cp1252

% BibTeX Library - Ready for new entries

% Example template for a team graduation project documentation:
% @MISC{teamproject2025,
%   author    = {Student1, First and Student2, First and Student3, First and Student4, First},
%   title     = {OllamaNet},
%   howpublished = {Undergraduate Project Documentation},
%   institution = {Kafr El-Sheikh University, Faculty of Computer and Information/ Information systems department},
%   year      = {2025},
%   supervisor = {Assoc. Prof. Reda M. Hussien}, % optional, custom field
%   url       = {https://project-website.com}, % optional
%   note      = {BSc Graduation Project} % optional
% }

% Required fields for author info:
%   - author: List of authors in the format 'Last, First and Last, First'
%   - For multiple authors, separate with 'and'
%   - Example: author = {Smith, John and Doe, Jane}

@misc{AWSn.d.,
  author = {AWS},
  title = {Event-Driven Architecture},
  year = {n.d.},
  url = {https://aws.amazon.com/event-driven-architecture/}
}

@misc{GeeksforGeeks2024, July 1,
  author = {GeeksforGeeks},
  title = {Event-Driven APIs in Microservice Architectures},
  year = {2024, July 1},
  url = {https://www.geeksforgeeks.org/system-design/event-driven-apis-in-microservice-architectures/}
}

@misc{GeeksforGeeks2024, October 3,
  author = {GeeksforGeeks},
  title = {Event-Driven Architecture vs. Microservices Architecture},
  year = {2024, October 3},
  url = {https://www.geeksforgeeks.org/event-driven-architecture-vs-microservices-architecture/}
}

@misc{Medium2023, August 29,
  author = {Medium},
  title = {The Complete Guide to Event-Driven Architecture},
  year = {2023, August 29},
  url = {https://medium.com/@seetharamugn/the-complete-guide-to-event-driven-architecture-b25226594227}
}

@misc{Microservicesion.d.,
  author = {Microservicesio},
  title = {Pattern: Event-driven architecture},
  year = {n.d.},
  url = {https://microservices.io/patterns/data/event-driven-architecture.html}
}

@misc{Microsoftn.d.,
  author = {Microsoft},
  title = {Event-driven architecture style},
  year = {n.d.},
  url = {https://learn.microsoft.com/en-us/azure/architecture/guide/architecture-styles/event-driven}
}

@misc{OReillyMedian.d.,
  author = {O'Reilly Media},
  title = {Chapter 1. Why Event-Driven Microservices},
  year = {n.d.},
  url = {https://www.oreilly.com/library/view/building-event-driven-microservices/9781492057888/ch01.html}
}

@misc{Solacen.d.,
  author = {Solace},
  title = {The Ultimate Guide to Event-Driven Architecture Patterns},
  year = {n.d.},
  url = {https://solace.com/event-driven-architecture-patterns/}
}

@misc{AWSn.d.,
  author = {AWS},
  title = {What is LLM? - Large Language Models Explained},
  year = {n.d.},
  url = {https://aws.amazon.com/what-is/large-language-model/}
}

@misc{Elasticn.d.,
  author = {Elastic},
  title = {What are Large Language Models? | A Comprehensive LLMs Guide},
  year = {n.d.},
  url = {https://www.elastic.co/what-is/large-language-models}
}

@misc{GoogleDevelopers2024, September 6,
  author = {Google Developers},
  title = {Introduction to Large Language Models},
  year = {2024, September 6},
  url = {https://developers.google.com/machine-learning/resources/intro-llms}
}

@misc{MITNews2025, June 17,
  author = {MIT News},
  title = {Unpacking the bias of large language models},
  year = {2025, June 17},
  url = {https://news.mit.edu/2025/unpacking-large-language-model-bias-0617}
}

@misc{NVIDIAn.d.,
  author = {NVIDIA},
  title = {What are Large Language Models? | NVIDIA Glossary},
  year = {n.d.},
  url = {https://www.nvidia.com/en-us/glossary/large-language-models/}
}

@misc{Wikipedian.d.,
  author = {Wikipedia},
  title = {Large language model},
  year = {n.d.},
  url = {https://en.wikipedia.org/wiki/Large_language_model}
}

@misc{YouTube2023, November 22,
  author = {YouTube},
  title = {[1hr Talk] Intro to Large Language Models},
  year = {2023, November 22},
  url = {https://www.youtube.com/watch?v=zjkBMFhNj_g}
}

@misc{YouTuben.d.,
  author = {YouTube},
  title = {Ollama: Run Llama 2, Code Llama, and other large language models locally},
  year = {n.d.},
  url = {https://www.youtube.com/watch?v=zAy7ytGlRdI}
}

@misc{pragman.d.,
  author = {pragma},
  title = {Ollama Tutorial: Run LLMs Locally},
  year = {n.d.},
  url = {https://www.youtube.com/watch?v=iMT4ofWizYI&ab_channel=pragma}
}

@misc{Stackademicn.d.,
  author = {Stackademic},
  title = {vLLM vs Ollama: Choosing the Right Lightweight LLM Framework for Your AI Applications},
  year = {n.d.},
  url = {https://blog.stackademic.com/vllm-vs-ollama-choosing-the-right-lightweight-llm-framework-for-your-ai-applications-a454e1b39322}
}

@misc{Navarron.d.,
  author = {Navarro, H},
  title = {Ollama vs vLLM: Which framework is better for inference? Part I},
  year = {n.d.},
  url = {https://henrynavarro.org/ollama-vs-vllm-which-framework-is-better-for-inference-part-i-d8211d7248d2}
}

@misc{YouTuben.d.,
  author = {YouTube},
  title = {Ollama Playlist},
  year = {n.d.},
  url = {https://www.youtube.com/playlist?list=PLQnljOFTspQVcumYRWE2w9kVxxIXy_AMo}
}

@misc{Mahmdn.d.,
  author = {Mahmd, I},
  title = {Starting with Ollama},
  year = {n.d.},
  url = {https://ibrhmahmd.medium.com/starting-with-ollama-cfbdc69be5eb?source=user_profile_page---------2-------------cd33a2c79f6c----------------------}
}

@misc{Mahmdn.d.,
  author = {Mahmd, I},
  title = {Introduction to Ollama's Models},
  year = {n.d.},
  url = {https://ibrhmahmd.medium.com/introduction-to-ollama-s-models-dd86fc213b90}
}

@misc{NDCConferencesn.d.,
  author = {NDC Conferences},
  title = {Building Microservices with .NET},
  year = {n.d.},
  url = {https://www.youtube.com/watch?v=idH0dD7UiqE&ab_channel=NDCConferences}
}

@misc{jwtion.d.,
  author = {jwtio},
  title = {JWT Libraries},
  year = {n.d.},
  url = {https://jwt.io/libraries}
}

@misc{ParisNeon.d.,
  author = {ParisNeo},
  title = {ollama_proxy_server},
  year = {n.d.},
  url = {https://github.com/ParisNeo/ollama_proxy_server}
}

@misc{MicrosoftLearnn.d.,
  author = {Microsoft Learn},
  title = {Implement API Gateways with Ocelot},
  year = {n.d.},
  url = {https://learn.microsoft.com/en-us/dotnet/architecture/microservices/multi-container-microservice-net-applications/implement-api-gateways-with-ocelot}
}

@misc{Redisn.d.,
  author = {Redis},
  title = {Redis .NET Clients},
  year = {n.d.},
  url = {https://redis.io/docs/latest/develop/clients/dotnet/}
}

@misc{ByteByteGon.d.,
  author = {ByteByteGo},
  title = {System Design: Microservices vs Monolith},
  year = {n.d.},
  url = {https://www.youtube.com/watch?v=UMwQjFzTQXw&t=268&ab_channel=ByteByteGo}
}

@misc{IBMTechnologyn.d.,
  author = {IBM Technology},
  title = {What are Microservices?},
  year = {n.d.},
  url = {https://www.youtube.com/watch?v=eur8dUO9mvE&ab_channel=IBMTechnology}
}

@misc{MicrosoftLearnn.d.,
  author = {Microsoft Learn},
  title = {Overview of Entity Framework Core - EF Core},
  year = {n.d.},
  url = {https://learn.microsoft.com/en-us/ef/core/}
}

@misc{MicrosoftLearnn.d.,
  author = {Microsoft Learn},
  title = {Entity Framework documentation hub},
  year = {n.d.},
  url = {https://learn.microsoft.com/en-us/ef/}
}

@misc{LearnEntityFrameworkCoren.d.,
  author = {Learn Entity Framework Core},
  title = {Learn Entity Framework Core - Getting Started EF Core Tutorial},
  year = {n.d.},
  url = {https://www.learnentityframeworkcore.com/}
}

@misc{OcelotGatewayn.d.,
  author = {Ocelot Gateway},
  title = {Getting Started},
  year = {n.d.},
  url = {https://ocelot.readthedocs.io/en/latest/introduction/gettingstarted.html}
}

@misc{OcelotGatewayn.d.,
  author = {Ocelot Gateway},
  title = {Ocelot 24.0},
  year = {n.d.},
  url = {https://ocelot.readthedocs.io/}
}

@misc{ThreeMammalsn.d.,
  author = {ThreeMammals},
  title = {ThreeMammals/Ocelot: .NET API Gateway},
  year = {n.d.},
  url = {https://github.com/ThreeMammals/Ocelot}
}

@misc{ngrokn.d.,
  author = {ngrok},
  title = {Overview},
  year = {n.d.},
  url = {https://ngrok.com/docs/}
}

@misc{ngrokn.d.,
  author = {ngrok},
  title = {ngrok},
  year = {n.d.},
  url = {https://ngrok.com/}
}

@misc{ngrokn.d.,
  author = {ngrok},
  title = {Product},
  year = {n.d.},
  url = {https://ngrok.com/our-product}
}

@misc{Reactn.d.,
  author = {React},
  title = {Quick Start},
  year = {n.d.},
  url = {https://react.dev/learn}
}

@misc{Reactn.d.,
  author = {React},
  title = {React},
  year = {n.d.},
  url = {https://react.dev/}
}

@misc{MDNWebDocsn.d.,
  author = {MDN Web Docs},
  title = {Getting started with React},
  year = {n.d.},
  url = {https://developer.mozilla.org/en-US/docs/Learn_web_development/Core/Frameworks_libraries/React_getting_started}
}





@INPROCEEDINGS{Allen2009,
  author = {Allen, Tom and Hill, Andrew and Underwood, James and Scheding, Steven},
  title = {{Dynamic path planning with multi-agent data fusion: the parallel
	hierarchical replanner}},
  booktitle = {Proceedings of the IEEE 2009 International Conference on Robotics
	and Automation},
  year = {2009},
  pages = {4445--4450},
  month = may,
  publisher = {IEEE Press},
  doi = {10.1109/ROBOT.2009.5152883},
  file = {:Users/andrew/Dropbox/Library/Mendeley Papers/Allen et al./Allen et al. - 2009 - Dynamic path planning with multi-agent data fusion the parallel hierarchical replanner.pdf:pdf},
  isbn = {978-1-4244-2788-8},
  url = {http://portal.acm.org/citation.cfm?id=1703775.1704162}
}

@ARTICLE{Connolly2008,
  author = {Connolly, Laura A. and Scheding, Steven},
  title = {{Comparative analysis of sensors, algorithms, and models within a
	navigation system}},
  journal = {Proceedings of the 2008 IEEE International Conference on Multisensor
	Fusion and Integration for Intelligent Systems},
  year = {2008},
  pages = {26--32},
  month = aug,
  doi = {10.1109/MFI.2008.4648103},
  file = {:Users/andrew/Dropbox/Library/Mendeley Papers/Connolly, Scheding/Connolly, Scheding - 2008 - Comparative analysis of sensors, algorithms, and models within a navigation system.pdf:pdf},
  isbn = {978-1-4244-2143-5},
  publisher = {Ieee},
  url = {http://ieeexplore.ieee.org/lpdocs/epic03/wrapper.htm?arnumber=4648103}
}

@ARTICLE{Johnson-Roberson2010,
  author = {Johnson-Roberson, Matthew and Pizarro, Oscar and Williams, Stefan
	B. and Mahon, Ian},
  title = {{Generation and visualization of large-scale three-dimensional reconstructions
	from underwater robotic surveys}},
  journal = {Journal of Field Robotics},
  year = {2010},
  volume = {27},
  pages = {21--51},
  number = {1},
  doi = {10.1002/rob.20324},
  url = {http://onlinelibrary.wiley.com/doi/10.1002/rob.20324/abstract http://onlinelibrary.wiley.com/store/10.1002/rob.20324/asset/20324\_ftp.pdf?v=1\&amp;t=gd8iko8v\&amp;s=a3a42a9a830c42b4d62a26dad62fd72efa414141}
}

@INPROCEEDINGS{Mahon2003,
  author = {Mahon, Ian and Williams, Stefan},
  title = {{Three-dimensional robotic mapping}},
  booktitle = {Proceedings of the 2003 Australasian Conference on Robotics and Automation},
  year = {2003},
  publisher = {Australian Robotics and Automation Association, Sydney, Australia},
  url = {http://citeseerx.ist.psu.edu/viewdoc/download?doi=10.1.1.4.9771\&amp;rep=rep1\&amp;type=pdf}
}

@INPROCEEDINGS{Nettleton2006,
  author = {Nettleton, E. and Thrun, S. and Durrant-Whyte, H. and Sukkarieh,
	S.},
  title = {Decentralised {SLAM} with low-bandwidth communication for teams of
	vehicles},
  booktitle = {Field and Service Robotics},
  year = {2006},
  editor = {Yuta, Shinichi and Asama, Hajima  and Prassler, Erwin and Tsubouchi,
	Takashi and Thrun, Sebastian},
  volume = {24},
  pages = {179-188},
  url = {http://robots.stanford.edu/papers/Nettleton03a.pdf}
}

@ARTICLE{Underwood2010,
  author = {Underwood, J.P. and Hill, Andrew and Peynot, Thierry and Scheding,
	S.J.},
  title = {{Error modeling and calibration of exteroceptive sensors for accurate
	mapping applications}},
  journal = {Journal of Field Robotics},
  year = {2010},
  volume = {27},
  pages = {2--20
	
	},
  number = {1},
  doi = {10.1002/rob},
  file = {:Users/andrew/Dropbox/Library/Mendeley Papers/Underwood et al./Underwood et al. - 2010 - Error modeling and calibration of exteroceptive sensors for accurate mapping applications.pdf:pdf},
  publisher = {John Wiley \& Sons},
  url = {http://www3.interscience.wiley.com/journal/122672618/abstract}
}

@ARTICLE{Williams2006,
  author = {Williams, S.B. and Dissanayake, G. and Durrant-Whyte, H.},
  title = {{An efficient approach to the simultaneous localisation and mapping
	problem}},
  journal = {Proceedings of the IEEE 2006 International Conference on Robotics
	and Automation},
  year = {2006},
  pages = {406--411},
  doi = {10.1109/ROBOT.2002.1013394},
  file = {:Users/andrew/Dropbox/Library/Mendeley Papers/Williams, Dissanayake, Durrant-Whyte/Williams, Dissanayake, Durrant-Whyte - 2006 - An efficient approach to the simultaneous localisation and mapping problem.pdf:pdf},
  isbn = {0-7803-7272-7},
  publisher = {Ieee},
  url = {http://ieeexplore.ieee.org/lpdocs/epic03/wrapper.htm?arnumber=1013394}
}


